<?xml version="1.0" encoding="UTF-8"?><collection><record><leader>05315ntm a2200565 a 4500</leader><controlfield tag="001">006803218</controlfield><controlfield tag="003">MiAaHDL</controlfield><controlfield tag="005">20190719000000.0</controlfield><controlfield tag="006">m        d        </controlfield><controlfield tag="007">cr bn ---auaua</controlfield><controlfield tag="008">090526s13uu    xx            00| ||ara d</controlfield><datafield tag="035" ind1=" " ind2=" "><subfield code="a">(MiU)006803218</subfield></datafield><datafield tag="035" ind1=" " ind2=" "><subfield code="a">sdr-miu006803218</subfield></datafield><datafield tag="040" ind1=" " ind2=" "><subfield code="a">MiU</subfield><subfield code="c">MiU</subfield><subfield code="e">amremm</subfield></datafield><datafield tag="043" ind1=" " ind2=" "><subfield code="a">n-us-mi</subfield></datafield><datafield tag="100" ind1="1" ind2=" "><subfield code="6">880-01</subfield><subfield code="a">Ghaznawī, Aḥmad,</subfield><subfield code="d">-1196 or 1197.</subfield></datafield><datafield tag="245" ind1="1" ind2="3"><subfield code="6">880-03</subfield><subfield code="a">al-Ḥāwī al-Qudsī,</subfield><subfield code="f">[14th century?].</subfield></datafield><datafield tag="260" ind1=" " ind2=" "><subfield code="c">[13--?].</subfield></datafield><datafield tag="300" ind1=" " ind2=" "><subfield code="a">131 leaves :</subfield><subfield code="b">paper ;</subfield><subfield code="c">254 x 180 (189 x 115) mm.</subfield></datafield><datafield tag="500" ind1=" " ind2=" "><subfield code="a">Shelfmark: Ann Arbor, University of Michigan, Special Collections Library, Isl. Ms. 553</subfield></datafield><datafield tag="500" ind1=" " ind2=" "><subfield code="a">Origin: As appears in colophon on p.263, copied by ʻAbd al-Qādir al-Musallamī ; date of transcription not specified though paper, etc. may suggest 14th or even late 13th century (see Humbert, pp.33-35).</subfield></datafield><datafield tag="500" ind1=" " ind2=" "><subfield code="a">Accompanying materials: a. Acquisitions slip from Yahuda (pp.1-2) -- b. Inventory cataloguing slip in hand of Winifred Smeaton Thomas (pp.3-4).</subfield></datafield><datafield tag="500" ind1=" " ind2=" "><subfield code="a">Former shelfmark: From interior of upper cover and spine label "IL 97" (likely supplied by Yahuda, see acquisitions slip).</subfield></datafield><datafield tag="500" ind1=" " ind2=" "><subfield code="a">Binding: Pasteboards covered in shell marbled paper (mainly in blue and brown) with dark green cloth over spine ; Type III binding (without flap) ; board linings in beige wove paper ; resewn mainly in yellow thread, six stations, then black thread in final three quires ; stuck-on endbands ; overall in somewhat poor condition but with abrasion, lifting and losses of paper, delamination of boards at corners, staining, some spine slant (slightly cocked), etc.</subfield></datafield><datafield tag="500" ind1=" " ind2=" "><subfield code="a">Support: non-European laid paper with roughly 9-10 laid lines per cm. (horizontal) and chain lines spaced in threes with 13-17 mm. between chains and 35-38 mm. between groups (vertical) ; quite thick, sturdy and soft with laid and chain lines rather indistinct ; striated pattern and possible zigzag appears in many leaves (see p.30, 39, etc.) ; staining and tide lines.</subfield></datafield><datafield tag="500" ind1=" " ind2=" "><subfield code="a">Decoration: Keywords, section headings, and abbreviation symbols rubricated ; textual dividers in the form of red discs.</subfield></datafield><datafield tag="500" ind1=" " ind2=" "><subfield code="a">Script: Naskh ; clear, quite compact 'Syrian' or Egyptian [?] hand ; virtually serifless with curvinlinear descenders, pointing in distinct dots, many closed counters, and slight effect of tilt to the left.</subfield></datafield><datafield tag="500" ind1=" " ind2=" "><subfield code="a">Layout: Written in 33 lines per page ; frame-ruled.</subfield></datafield><datafield tag="500" ind1=" " ind2=" "><subfield code="a">Collation: i, 1 (1), V+1 (12), 2 V(32), IV+1 (41), 9 V(131) ; chiefly quinions ; acephalous, with further leaves missing between first two leaves (as extant) for roughly 40 leaves missing altogether ; catchwords present ; foliation in black ink, Hindu-Arabic numerals (opening leaf numbered ٣٢, following ٤۸) ; pagination in pencil, Western numerals, supplied during digitization (includes inserts and front flyleaf , mistakenly repeats p.39 and p.42).</subfield></datafield><datafield tag="500" ind1=" " ind2=" "><subfield code="a">Colophon: "Scribal," reads "على يد الفقير الى الله تعالى عبد القادر المسلمي غفر الله له ولوالديه"</subfield></datafield><datafield tag="500" ind1=" " ind2=" "><subfield code="a">Explicit: "وهذا اساس قياس جليل يفتح بمعرفته ابواب النجاة ويرقي بمراقيه مراقي الدرجات والله تبارك وتعالى اعلم بالصواب واليه المرجع والمآب ونسأله اللطف يوم الحساب انقضى تحرير الحاوي القدسي ونجز وابى محرره التطويل فاوجز وقد حوي بحمد الله ومنه مسائل مجموعات كثيرة في الاصوليين كاعتقاد الطحاوي وتمهيد النسفي ... وفي الفروع كجامع الصغير ومختصر القذوري ... لا ينقص مجموعه عن اربعين الف مسئلة والحمد لله وحده"</subfield></datafield><datafield tag="500" ind1=" " ind2=" "><subfield code="a">Incipit: "في بيت مال المسلمين ..."</subfield></datafield><datafield tag="500" ind1=" " ind2=" "><subfield code="a">Title from closing matter on p.263.</subfield></datafield><datafield tag="500" ind1=" " ind2=" "><subfield code="a">Ms. codex.</subfield></datafield><datafield tag="510" ind1="4" ind2=" "><subfield code="a">Humbert, G. "Papiers non-filigranés utilisés au proche-orient jusqu’en 1450: essai en typologie." Journal asiatique, 286, no.1 (1998): 1-54.</subfield></datafield><datafield tag="510" ind1="4" ind2=" "><subfield code="a">Ḥājjī Khalīfah. Kashf al-ẓunūn,</subfield><subfield code="c">2/627 [iii 10, no. 4380]</subfield></datafield><datafield tag="510" ind1="4" ind2=" "><subfield code="a">Brockelmann, C. GAL,</subfield><subfield code="c">I 378 ; SI 649</subfield></datafield><datafield tag="520" ind1="8" ind2=" "><subfield code="a">Acephalous early copy of the work of Ḥanafī law most commonly attributed to Jamāl al-Dīn Aḥmad ibn Muḥammad ibn Nūḥ al-Qābisī al-Ghaznawī. See Isl. Ms. 92 for another ms. copy.</subfield></datafield><datafield tag="538" ind1=" " ind2=" "><subfield code="a">Mode of access: Internet.</subfield></datafield><datafield tag="541" ind1=" " ind2=" "><subfield code="a">Acquired in 1926 from the bookseller Isaac Benjamin S.E. Yahuda via purchase transacted on his behalf by Abraham Shalom Yahuda (1877-1951), his younger brother.</subfield></datafield><datafield tag="546" ind1=" " ind2=" "><subfield code="a">Arabic.</subfield></datafield><datafield tag="561" ind1=" " ind2=" "><subfield code="a">Occasional marginal corrections.</subfield></datafield><datafield tag="650" ind1=" " ind2="0"><subfield code="a">Manuscripts, Arabic</subfield><subfield code="z">Michigan</subfield><subfield code="z">Ann Arbor.</subfield></datafield><datafield tag="650" ind1=" " ind2="0"><subfield code="a">Hanafites</subfield><subfield code="v">Early works to 1800.</subfield></datafield><datafield tag="650" ind1=" " ind2="0"><subfield code="a">Islamic law</subfield><subfield code="v">Early works to 1800.</subfield></datafield><datafield tag="700" ind1="0" ind2=" "><subfield code="6">880-05</subfield><subfield code="a">ʻAbd al-Qādir al-Musallamī,</subfield><subfield code="e">scribe.</subfield></datafield><datafield tag="773" ind1="0" ind2=" "><subfield code="a">Yahuda Collection.</subfield></datafield><datafield tag="880" ind1="0" ind2=" "><subfield code="6">700-05/</subfield><subfield code="a">عبد القادر المسلمي،</subfield><subfield code="e">ناسخ.</subfield></datafield><datafield tag="880" ind1="1" ind2="2"><subfield code="6">245-03/</subfield><subfield code="a">الحاوي القدسي,</subfield><subfield code="f">[القرن 14م؟].</subfield></datafield><datafield tag="880" ind1="1" ind2=" "><subfield code="6">100-01/</subfield><subfield code="a">غزنوي، احمد.</subfield></datafield><datafield tag="CID" ind1=" " ind2=" "><subfield code="a">006803218</subfield></datafield><datafield tag="DAT" ind1="0" ind2=" "><subfield code="a">20190719102636.0</subfield><subfield code="b">20190719000000.0</subfield></datafield><datafield tag="DAT" ind1="1" ind2=" "><subfield code="a">20190719090653.0</subfield><subfield code="b">2019-07-19T16:11:35Z</subfield></datafield><datafield tag="DAT" ind1="2" ind2=" "><subfield code="a">2015-10-10T18:00:06Z</subfield></datafield><datafield tag="CAT" ind1=" " ind2=" "><subfield code="a">SDR-MIU</subfield><subfield code="d">EX LIBRIS - ALEPH</subfield><subfield code="l">prepare.pl-004-008</subfield></datafield><datafield tag="FMT" ind1=" " ind2=" "><subfield code="a">BK</subfield></datafield><datafield tag="HOL" ind1=" " ind2=" "><subfield code="0">sdr-miu006803218</subfield><subfield code="a">MiU</subfield><subfield code="b">SDR</subfield><subfield code="c">MIU</subfield><subfield code="p">mdp.39015079126473</subfield><subfield code="s">MIU</subfield><subfield code="1">006803218</subfield></datafield><datafield tag="974" ind1=" " ind2=" "><subfield code="b">MIU</subfield><subfield code="c">MIU</subfield><subfield code="d">20190719</subfield><subfield code="s">lit-dlps-dc</subfield><subfield code="u">mdp.39015079126473</subfield><subfield code="y">1399</subfield><subfield code="r">pd</subfield><subfield code="q">bib</subfield><subfield code="t">non-US bib date1 &lt; 1879</subfield></datafield></record></collection>